% The following is formatted by [BibTex Tidy](https://flamingtempura.github.io/bibtex-tidy/).
% CLI: ``bibtex-tidy --curly --numeric --space=2 --tab --align=0 --sort=key --duplicates=key,doi,abstract,citation --strip-enclosing-braces --drop-all-caps --no-escape --sort-fields=title,shorttitle,author,year,month,day,journal,booktitle,location,on,publisher,address,series,volume,number,pages,doi,isbn,issn,url,urldate,copyright,category,note,metadata --strip-comments --encode-urls --remove-empty-fields References.bib``
% N.B.: it is HIGHLY RECOMMENDED that references in a presentation are reduced to the minimum.

@article{new,
	title = {Mean Field Multi-Agent Reinforcement Learning},
	author = {Yaodong Yang, Rui Luo, Minne Li, Ming Zhou, Weinan Zhang, Jun Wang},
	year = 2018,
	journal = {International Conference on Machine
	Learning},
	publisher = {Ieee},
}
@article{yamashita1996computing1,
	title = {Computing on anonymous networks: part I---characterizing the solvable cases},
	author = {Yamashita, Masafumi and Kameda, Tsunehiko},
	year = 1996,
	journal = {IEEE Transactions on parallel and distributed systems},
	publisher = {Ieee},
	volume = 7,
	number = 1,
	pages = {69--89},
}

@inproceedings{angluin1980local,
	title = {Local and global properties in networks of processors},
	author = {Angluin, Dana},
	year = 1980,
	booktitle = {Proceedings of the twelfth annual ACM symposium on Theory of computing},
	pages = {82--93},
	organization = {Acm}
}
@article{2,
	title = {Computing on anonymous networks: part I---characterizing the solvable cases},
	author = {Yamashita, Masafumi and Kameda, Tsunehiko},
	year = 1996,
	journal = {IEEE Transactions on parallel and distributed systems},
	publisher = {Ieee},
	volume = 7,
	number = 1,
	pages = {69--89},
}
@article{DBLP:journals/corr/abs-1802-05438,
	author    = {Yaodong Yang and
	Rui Luo and
	Minne Li and
	Ming Zhou and
	Weinan Zhang and
	Jun Wang},
	title     = {Mean Field Multi-Agent Reinforcement Learning},
	journal   = {CoRR},
	volume    = {abs/1802.05438},
	year      = {2018},
	url       = {http://arxiv.org/abs/1802.05438},
	eprinttype = {arXiv},
	eprint    = {1802.05438},
	timestamp = {Fri, 19 Nov 2021 10:16:46 +0100},
	biburl    = {https://dblp.org/rec/journals/corr/abs-1802-05438.bib},
	bibsource = {dblp computer science bibliography, https://dblp.org}
}

